@article{Plonka07,
  author = {David Plonka, Archit Gupta and Dale Carder},
  title = {Application Buffer-Cache Management for Performance: Running the World¿s Largest MRTG},
  journal = {Proceedings of the 21st Conference on Systems Administration (LISA 2007)},
  address = {Dallas, TX},
  month = {Nov},
  year = {2007},
  pages = {63--78},
}
